
@article{monson_hfe,
  author  = {Monson, B. and Hunter, E. and Lotto, A.},
  title   = {The Perceptual Significance of High-Frequency Energy in Speech},
  journal = {JASA},
  year    = {2014}
}
@inproceedings{ser_survey,
  author = {Zhao, Z. and others},
  title  = {Automatic Speech Emotion Recognition: A Survey},
  booktitle = {Interspeech},
  year = {2019}
}
@article{event_review,
  author  = {Gallego, G. and others},
  title   = {Event-Based Vision: A Survey},
  journal = {IEEE TPAMI},
  year    = {2020}
}
